<?xml version="1.0" encoding="UTF-8"?><collection xmlns="http://www.loc.gov/MARC21/slim"><record><leader>00413nam--2200157-i-4500</leader><controlfield tag="001">000004144</controlfield><controlfield tag="002">20161230</controlfield><controlfield tag="005">20170224011025</controlfield><controlfield tag="008">060222s1000------------r-----000-0-eng-d</controlfield><datafield ind1=" " ind2=" " tag="100"><subfield code="a">Ballhausen, Carl J</subfield></datafield><datafield ind1=" " ind2=" " tag="245"><subfield code="a">Table of ligand field integrals</subfield></datafield><datafield ind1=" " ind2=" " tag="260"><subfield code="a">Kobenhavn</subfield><subfield code="b">Ejnar Munksgaard</subfield><subfield code="c">1958</subfield></datafield><datafield ind1=" " ind2=" " tag="300"><subfield code="a">38 p</subfield></datafield><datafield ind1=" " ind2=" " tag="490"><subfield code="a">Mat.Fys.Medd.Dan.Vid.Selsk</subfield></datafield><datafield ind1=" " ind2=" " tag="700"><subfield code="a">Ancmon, E. M</subfield></datafield><datafield ind1=" " ind2=" " tag="CAT"><subfield code="a">SYS</subfield><subfield code="c">20170224</subfield><subfield code="h">011025</subfield></datafield></record></collection>